<record><leader>00000cas a2200000 a 4500</leader><controlfield tag="001">40704805</controlfield><controlfield tag="008">990129d1988199ucauwr ne      0    0eng c</controlfield><datafield ind1=" " ind2=" " tag="010"><subfield code="a">sn 98061195 </subfield></datafield><datafield ind1=" " ind2=" " tag="040"><subfield code="a">CNK</subfield><subfield code="b">eng</subfield><subfield code="c">CNK</subfield><subfield code="d">OCLCQ</subfield><subfield code="d">OCLCF</subfield><subfield code="d">OCLCO</subfield></datafield><datafield ind1="1" ind2=" " tag="029"><subfield code="a">AU@</subfield><subfield code="b">000014596704</subfield></datafield><datafield ind1=" " ind2=" " tag="042"><subfield code="a">pcc</subfield></datafield><datafield ind1=" " ind2=" " tag="043"><subfield code="a">n-us-ca</subfield></datafield><datafield ind1="0" ind2=" " tag="130"><subfield code="a">Sentinel (Seaside, Calif.)</subfield></datafield><datafield ind1="1" ind2="4" tag="245"><subfield code="a">The sentinel.</subfield></datafield><datafield ind1=" " ind2=" " tag="260"><subfield code="a">Seaside, Calif. :</subfield><subfield code="b">Norman Spaulding</subfield></datafield><datafield ind1=" " ind2=" " tag="300"><subfield code="a">v.</subfield></datafield><datafield ind1=" " ind2=" " tag="310"><subfield code="a">Weekly</subfield></datafield><datafield ind1="0" ind2=" " tag="362"><subfield code="a">Jan. 13, 1988-</subfield></datafield><datafield ind1=" " ind2=" " tag="500"><subfield code="a">Serving "Aromas, Del Rey Oaks, Elkhorn, Las Lomas, Moss Landing, Pajaro, Sand City," &lt;Jan. 21, 1993-Nov. 15/22, 1996&gt;</subfield></datafield><datafield ind1=" " ind2="0" tag="651"><subfield code="a">Monterey County (Calif.)</subfield><subfield code="v">Newspapers.</subfield></datafield><datafield ind1=" " ind2="7" tag="655"><subfield code="a">Newspapers.</subfield><subfield code="2">fast</subfield><subfield code="0">(OCoLC)fst01423814</subfield></datafield><datafield ind1=" " ind2="7" tag="651"><subfield code="a">California</subfield><subfield code="z">Monterey County.</subfield><subfield code="2">fast</subfield><subfield code="0">(OCoLC)fst01208098</subfield></datafield><datafield ind1=" " ind2=" " tag="752"><subfield code="a">United States</subfield><subfield code="b">California</subfield><subfield code="c">Monterey</subfield><subfield code="d">Seaside.</subfield></datafield><datafield ind1="0" ind2="0" tag="780"><subfield code="t">Weekly sentinel (Seaside, Calif.)</subfield><subfield code="w">(DLC)sn 98061194</subfield></datafield></record>